
@article{dray2014,
	title = {Combining the fourth{-}corner and the RLQ methods for assessing trait responses to environmental variation},
	author = {Dray, {Stéphane} and Choler, Philippe and {Dolédec}, Sylvain and Peres-Neto, Pedro R. and Thuiller, Wilfried and Pavoine, Sandrine and ter Braak, Cajo J. F.},
	year = {2014},
	month = {01},
	date = {2014-01},
	journal = {Ecology},
	pages = {14--21},
	volume = {95},
	number = {1},
	doi = {10.1890/13-0196.1},
	url = {http://dx.doi.org/10.1890/13-0196.1},
	langid = {en}
}

@article{Choler2005-fq,
  title     = "Consistent shifts in alpine plant traits along a
               mesotopographical gradient",
  author    = "Choler, Philippe",
  journal   = "Arct. Antarct. Alp. Res.",
  publisher = "Informa UK Limited",
  volume    =  37,
  number    =  4,
  pages     = "444--453",
  month     =  nov,
  year      =  2005,
  language  = "en"
}

@article{billings,
author = {W. D. Billings},
title = {Adaptations and Origins of Alpine Plants*},
journal = {Arctic and Alpine Research},
volume = {6},
number = {2},
pages = {129-142},
year = {1974},
publisher = {Taylor & Francis},
doi = {10.1080/00040851.1974.12003769}}
